<record><leader>00000cas a22000007a 4500</leader><controlfield tag="001">22787386</controlfield><controlfield tag="008">901206d188418uuaruwr ne      0    0eng d</controlfield><datafield ind1=" " ind2=" " tag="010"><subfield code="a">sn 90050339 </subfield></datafield><datafield ind1=" " ind2=" " tag="040"><subfield code="a">ANU</subfield><subfield code="b">eng</subfield><subfield code="c">ANU</subfield><subfield code="d">OCLCQ</subfield><subfield code="d">OCLCF</subfield><subfield code="d">OCLCO</subfield></datafield><datafield ind1="1" ind2=" " tag="029"><subfield code="a">AU@</subfield><subfield code="b">000025848438</subfield></datafield><datafield ind1=" " ind2=" " tag="042"><subfield code="a">msc</subfield></datafield><datafield ind1=" " ind2=" " tag="043"><subfield code="a">n-us-ar</subfield></datafield><datafield ind1="0" ind2="0" tag="245"><subfield code="a">Weekly Texarkana independent.</subfield></datafield><datafield ind1=" " ind2=" " tag="260"><subfield code="a">Texarkana, Ark. :</subfield><subfield code="b">E.A. Warren</subfield></datafield><datafield ind1=" " ind2=" " tag="300"><subfield code="a">v.</subfield></datafield><datafield ind1=" " ind2=" " tag="310"><subfield code="a">Weekly</subfield></datafield><datafield ind1="1" ind2=" " tag="362"><subfield code="a">Began in 1884? Ceased in 1890?</subfield></datafield><datafield ind1=" " ind2=" " tag="580"><subfield code="a">Continued by: Weekly Texarkana Democrat (non-extant).</subfield></datafield><datafield ind1=" " ind2=" " tag="588"><subfield code="a">Description based on: Vol. 2, no. 4 (Sept. 26, 1885).</subfield></datafield><datafield ind1=" " ind2="0" tag="651"><subfield code="a">Texarkana (Ark.)</subfield><subfield code="v">Newspapers.</subfield></datafield><datafield ind1=" " ind2="7" tag="655"><subfield code="a">Newspapers.</subfield><subfield code="2">fast</subfield><subfield code="0">(OCoLC)fst01423814</subfield></datafield><datafield ind1=" " ind2="7" tag="651"><subfield code="a">Arkansas</subfield><subfield code="z">Texarkana.</subfield><subfield code="2">fast</subfield><subfield code="0">(OCoLC)fst01216853</subfield></datafield><datafield ind1=" " ind2=" " tag="752"><subfield code="a">United States</subfield><subfield code="b">Arkansas</subfield><subfield code="c">Miller</subfield><subfield code="d">Texarkana.</subfield></datafield><datafield ind1="0" ind2=" " tag="775"><subfield code="t">Daily Texarkana independent</subfield><subfield code="w">(DLC)sn 87091098</subfield></datafield><datafield ind1="1" ind2="0" tag="785"><subfield code="t">Weekly Texarkana Democrat</subfield></datafield></record>